/data/data/com.termux/files/home/git/templates/refs.bib