@incollection {ab17,
    AUTHOR = {Auel, A... and Bernardara, M.},
     TITLE = {Cycles, derived categories, and rationality},
 BOOKTITLE = {Surveys on recent developments in algebraic geometry},
    SERIES = {Proc. Sympos. Pure Math.},
    VOLUME = {95},
     PAGES = {199--266},
 PUBLISHER = {Amer. Math. Soc., Providence, RI},
      YEAR = {2017},
      NOTE = {Preprint \href{https://arxiv.org/abs/1612.02415}{arXiv:1612.02415}},
   MRCLASS = {14C15 (14C25 14E08 14F05)},
  MRNUMBER = {3727501},
MRREVIEWER = {Howard Nuer},
}

@article {af59,
    AUTHOR = {Andreotti, A. and Frankel, T.},
     TITLE = {The {L}efschetz theorem on hyperplane sections},
   JOURNAL = {Ann. of Math. (2)},
  FJOURNAL = {Annals of Mathematics. Second Series},
    VOLUME = {69},
      YEAR = {1959},
      NOTE = {\href{https://doi.org/10.2307/1970034}{DOI:10.2307/1970034}},
     PAGES = {713--717},
      ISSN = {0003-486X},
   MRCLASS = {57.20 (32.44)},
  MRNUMBER = {177422},
MRREVIEWER = {S. I. Al\cprime ber},
       DOI = {10.2307/1970034},
       URL = {https://doi.org/10.2307/1970034},
}

@article {aw98,
    AUTHOR = {Andreatta, M. and Wi\'{s}niewski, J. A.},
     TITLE = {On contractions of smooth varieties},
   JOURNAL = {J. Algebraic Geom.},
  FJOURNAL = {Journal of Algebraic Geometry},
    VOLUME = {7},
      YEAR = {1998},
    NUMBER = {2},
     PAGES = {253--312},
      ISSN = {1056-3911},
   MRCLASS = {14E30 (14E05 14J35)},
  MRNUMBER = {1620110},
MRREVIEWER = {J\'{a}nos Koll\'{a}r},
}

@article {bbf16,
    AUTHOR = {Bernardara, M. and Bolognesi, M. and Faenzi,
              D.},
     TITLE = {Homological projective duality for determinantal varieties},
   JOURNAL = {Adv. Math.},
  FJOURNAL = {Advances in Mathematics},
    VOLUME = {296},
      YEAR = {2016},
      NOTE = {\href{https://doi.org/10.1016/j.aim.2016.04.003}{DOI:10.1016/j.aim.2016.04.003}},
     PAGES = {181--209},
      ISSN = {0001-8708},
   MRCLASS = {14F05 (14M12 18E30)},
  MRNUMBER = {3490767},
MRREVIEWER = {Pawel Sosna},
       DOI = {10.1016/j.aim.2016.04.003},
       URL = {https://doi.org/10.1016/j.aim.2016.04.003},
}

@book {bea96,
    AUTHOR = {Beauville, A.},
     TITLE = {Complex algebraic surfaces},
    SERIES = {London Mathematical Society Student Texts},
    VOLUME = {34},
   EDITION = {Second},
      NOTE = {Translated from the 1978 French original by R. Barlow, with
              assistance from N. I. Shepherd-Barron and M. Reid},
 PUBLISHER = {Cambridge University Press, Cambridge},
      YEAR = {1996},
      NOTE = {\href{https://doi.org/10.1017/CBO9780511623936}{DOI:10.1017/CBO9780511623936}},
     PAGES = {x+132},
      ISBN = {0-521-49510-5; 0-521-49842-2},
   MRCLASS = {14Jxx (14-02)},
  MRNUMBER = {1406314},
       DOI = {10.1017/CBO9780511623936},
       URL = {https://doi.org/10.1017/CBO9780511623936},
}

@article{bei78,
    AUTHOR = {Be{\u{\i}}linson, A. A.},
     TITLE = {Coherent sheaves on {${\bf P}^{n}$} and problems in linear
              algebra},
   JOURNAL = {Funktsional. Anal. i Prilozhen.},
  FJOURNAL = {Akademiya Nauk SSSR. Funktsional\cprime ny\u{\i} Analiz i ego
              Prilozheniya},
    VOLUME = {12},
      YEAR = {1978},
    NUMBER = {3},NOTE = {\href{https://doi.org/10.1007/BF01681436}{DOI:10.1007/BF01681436}},
     PAGES = {68--69},
      ISSN = {0374-1990},
   MRCLASS = {14F05 (18E30 81C99)},
  MRNUMBER = {509388},
MRREVIEWER = {P. E. Newstead},
}

@ARTICLE{bh19,
       author = {{Barwick}, C. and Haine, P.},
        title = "{Pyknotic objects, I. Basic notions}",
      journal = {arXiv e-prints},
     keywords = {Mathematics - Algebraic Geometry, Mathematics - Algebraic Topology, Mathematics - Category Theory},
         year = "2019",
        month = "Apr",
          eid = {arXiv:1904.09966},
        pages = {arXiv:1904.09966},
archivePrefix = {arXiv},
       eprint = {1904.09966},
 primaryClass = {math.AG},
       adsurl = {https://ui.adsabs.harvard.edu/abs/2019arXiv190409966B},
      adsnote = {Provided by the SAO/NASA Astrophysics Data System}
}

@article{bk89,
    AUTHOR = {Bondal, A. I. and Kapranov, M. M.},
     TITLE = {Representable functors, {S}erre functors, and reconstructions},
   JOURNAL = {Izv. Akad. Nauk SSSR Ser. Mat.},
  FJOURNAL = {Izvestiya Akademii Nauk SSSR. Seriya Matematicheskaya},
    VOLUME = {53},
      YEAR = {1989},
    NUMBER = {6},
      NOTE = {\href{https://doi.org/10.1070/IM1990v035n03ABEH000716}{DOI:10.1070/IM1990v035n03ABEH000716}},
     PAGES = {1183--1205, 1337},
      ISSN = {0373-2436},
   MRCLASS = {14F05 (18E30 32C38 32L99 32S60)},
  MRNUMBER = {1039961},
MRREVIEWER = {Alexey N. Rudakov},
       DOI = {10.1070/IM1990v035n03ABEH000716},
       URL = {https://doi.org/10.1070/IM1990v035n03ABEH000716},
}

@article{bmms12,
    AUTHOR = {Bernardara, M. and Macr\`\i , E. and Mehrotra,
              S. and Stellari, P.},
     TITLE = {A categorical invariant for cubic threefolds},
   JOURNAL = {Adv. Math.},
  FJOURNAL = {Advances in Mathematics},
    VOLUME = {229},
      YEAR = {2012},
    NUMBER = {2},
      NOTE = {\href{https://doi.org/10.1016/j.aim.2011.10.007}{DOI:10.1016/j.aim.2011.10.007}},
     PAGES = {770--803},
      ISSN = {0001-8708},
   MRCLASS = {14F05 (14C34 14J30)},
  MRNUMBER = {2855078},
       DOI = {10.1016/j.aim.2011.10.007},
       URL = {https://doi.org/10.1016/j.aim.2011.10.007},
}

@article{bn93,
    AUTHOR = {B\"{o}kstedt, M. and Neeman, A.},
     TITLE = {Homotopy limits in triangulated categories},
   JOURNAL = {Compositio Math.},
  FJOURNAL = {Compositio Mathematica},
    VOLUME = {86},
      YEAR = {1993},
    NUMBER = {2},
      NOTE = {\href{http://www.numdam.org/item?id=CM_1993__86_2_209_0}{numdam.CM\_1993\_\_86\_2\_209\_0}},
     PAGES = {209--234},
      ISSN = {0010-437X},
   MRCLASS = {18E30 (18E35)},
  MRNUMBER = {1214458},
MRREVIEWER = {Jeremy Rickard},
       URL = {http://www.numdam.org/item?id=CM_1993__86_2_209_0},
}

@misc{bo95,
    title={Semiorthogonal decomposition for algebraic varieties},
    author={Bondal, A. and Orlov, D.},
    year={1995},
    note={Preprint \href{https://arxiv.org/abs/alg-geom/9506012}{arXiv:alg-geom/9506012}},
    eprint={alg-geom/9506012},
    archivePrefix={arXiv},
    primaryClass={alg-geom}
}

@article{bo01,
    AUTHOR = {Bondal, A. and Orlov, D.},
     TITLE = {Reconstruction of a variety from the derived category and
              groups of autoequivalences},
   JOURNAL = {Compositio Math.},
  FJOURNAL = {Compositio Mathematica},
    VOLUME = {125},
      YEAR = {2001},
    NUMBER = {3},
      NOTE = {\href{https://doi.org/10.1023/A:1002470302976}{DOI:10.1023/A:1002470302976}},
     PAGES = {327--344},
      ISSN = {0010-437X},
   MRCLASS = {18E30 (14F05)},
  MRNUMBER = {1818984},
MRREVIEWER = {Richard P. Thomas},
       DOI = {10.1023/A:1002470302976},
       URL = {https://doi.org/10.1023/A:1002470302976},
}

@article{bon89,
    AUTHOR = {Bondal, A. I.},
     TITLE = {Representations of associative algebras and coherent sheaves},
   JOURNAL = {Izv. Akad. Nauk SSSR Ser. Mat.},
  FJOURNAL = {Izvestiya Akademii Nauk SSSR. Seriya Matematicheskaya},
    VOLUME = {53},
      YEAR = {1989},
    NUMBER = {1},
      NOTE = {\href{https://doi.org/10.1070/IM1990v034n01ABEH000583}{DOI:10.1070/IM1990v034n01ABEH000583}},
     PAGES = {25--44},
      ISSN = {0373-2436},
   MRCLASS = {14F05},
  MRNUMBER = {992977},
MRREVIEWER = {Michael M. Kapranov},
       DOI = {10.1070/IM1990v034n01ABEH000583},
       URL = {https://doi.org/10.1070/IM1990v034n01ABEH000583},
}

@book{bre93,
    AUTHOR = {Bredon, G. E.},
     TITLE = {Topology and geometry},
    SERIES = {Graduate Texts in Mathematics},
    VOLUME = {139},
 PUBLISHER = {Springer-Verlag, New York},
      YEAR = {1993},
      NOTE = {\href{https://doi.org/10.1007/978-1-4757-6848-0}{DOI:10.1007/978-1-4757-6848-0}},
     PAGES = {xiv+557},
      ISBN = {0-387-97926-3},
   MRCLASS = {55-01 (54-01 57-01)},
  MRNUMBER = {1224675},
MRREVIEWER = {Donald W. Kahn},
       DOI = {10.1007/978-1-4757-6848-0},
       URL = {https://doi.org/10.1007/978-1-4757-6848-0},
}

@article{bri99,
    AUTHOR = {Bridgeland, T.},
     TITLE = {Equivalences of triangulated categories and {F}ourier-{M}ukai
              transforms},
   JOURNAL = {Bull. London Math. Soc.},
  FJOURNAL = {The Bulletin of the London Mathematical Society},
    VOLUME = {31},
      YEAR = {1999},
    NUMBER = {1},
      NOTE = {\href{https://doi.org/10.1112/S0024609398004998}{DOI:10.1112/S0024609398004998}. Preprint \href{https://arxiv.org/abs/math/9809114}{arXiv:math/9809114}},
     PAGES = {25--34},
      ISSN = {0024-6093},
   MRCLASS = {18E30 (14J28)},
  MRNUMBER = {1651025},
MRREVIEWER = {Daniel Hern\'{a}ndez Ruip\'{e}rez},
       DOI = {10.1112/S0024609398004998},
       URL = {https://doi.org/10.1112/S0024609398004998},
}

@article{bv03,
    AUTHOR = {Bondal, A. and van den Bergh, M.},
     TITLE = {Generators and representability of functors in commutative and
              noncommutative geometry},
   JOURNAL = {Mosc. Math. J.},
  FJOURNAL = {Moscow Mathematical Journal},
    VOLUME = {3},
      YEAR = {2003},
    NUMBER = {1},
      NOTE = {\href{https://doi.org/10.17323/1609-4514-2003-3-1-1-36}{DOI:10.17323/1609-4514-2003-3-1-1-36}},
     PAGES = {1--36, 258},
      ISSN = {1609-3321},
   MRCLASS = {18E30 (14F05)},
  MRNUMBER = {1996800},
MRREVIEWER = {Ioannis Emmanouil},
       DOI = {10.17323/1609-4514-2003-3-1-1-36},
       URL = {https://doi.org/10.17323/1609-4514-2003-3-1-1-36},
}

@article {cam11,
    AUTHOR = {Campana, F.},
     TITLE = {Orbifoldes g\'{e}om\'{e}triques sp\'{e}ciales et classification
              bim\'{e}romorphe des vari\'{e}t\'{e}s k\"{a}hl\'{e}riennes compactes},
   JOURNAL = {J. Inst. Math. Jussieu},
  FJOURNAL = {Journal of the Institute of Mathematics of Jussieu. JIMJ.
              Journal de l'Institut de Math\'{e}matiques de Jussieu},
    VOLUME = {10},
      YEAR = {2011},
    NUMBER = {4},
      NOTE = {\href{https://doi.org/10.1017/S1474748010000101}{DOI:10.1017/S1474748010000101}},
     PAGES = {809--934},
      ISSN = {1474-7480},
   MRCLASS = {32J27 (11G05 32J25 32Q45)},
  MRNUMBER = {2831280},
       DOI = {10.1017/S1474748010000101},
       URL = {https://doi.org/10.1017/S1474748010000101},
}

@book {deb01,
    AUTHOR = {Debarre, O.},
     TITLE = {Higher-dimensional algebraic geometry},
    SERIES = {Universitext},
 PUBLISHER = {Springer-Verlag, New York},
      YEAR = {2001},
      NOTE = {\href{https://doi.org/10.1007/978-1-4757-5406-3}{DOI:10.1007/978-1-4757-5406-3}},
     PAGES = {xiv+233},
      ISBN = {0-387-95227-6},
   MRCLASS = {14-02 (14E30 14Jxx)},
  MRNUMBER = {1841091},
MRREVIEWER = {Mark Gross},
       DOI = {10.1007/978-1-4757-5406-3},
       URL = {https://doi.org/10.1007/978-1-4757-5406-3},
}

@book {del70,
    AUTHOR = {Deligne, P.},
     TITLE = {\'{E}quations diff\'{e}rentielles \`a points singuliers r\'{e}guliers},
    SERIES = {Lecture Notes in Mathematics, Vol. 163},
 PUBLISHER = {Springer-Verlag, Berlin-New York},
      YEAR = {1970},
     PAGES = {iii+133},
   MRCLASS = {14D05 (14C30)},
  MRNUMBER = {0417174},
MRREVIEWER = {Helmut Hamm},
}

@book {eh16,
    AUTHOR = {Eisenbud, D. and Harris, J.},
     TITLE = {3264 and all that---a second course in algebraic geometry},
 PUBLISHER = {Cambridge University Press, Cambridge},
      YEAR = {2016},
      NOTE = {\href{https://doi.org/10.1017/CBO9781139062046}{DOI:10.1017/CBO9781139062046}},
     PAGES = {xiv+616},
      ISBN = {978-1-107-60272-4; 978-1-107-01708-5},
   MRCLASS = {14-01 (14C15 14M15 14N10)},
  MRNUMBER = {3617981},
MRREVIEWER = {Arnaud Beauville},
       DOI = {10.1017/CBO9781139062046},
       URL = {https://doi.org/10.1017/CBO9781139062046},
}

@book{fre64,
    AUTHOR = {Freyd, P.},
     TITLE = {Abelian categories. {A}n introduction to the theory of
              functors},
    SERIES = {Harper's Series in Modern Mathematics},
 PUBLISHER = {Harper \& Row, Publishers, New York},
      YEAR = {1964},
     PAGES = {xi+164},
   MRCLASS = {18.15},
  MRNUMBER = {0166240},
MRREVIEWER = {A. Heller},
}

@book{ful84,
    AUTHOR = {Fulton, W.},
     TITLE = {Intersection theory},
    SERIES = {Ergebnisse der Mathematik und ihrer Grenzgebiete (3) [Results
              in Mathematics and Related Areas (3)]},
    VOLUME = {2},
 PUBLISHER = {Springer-Verlag, Berlin},
      YEAR = {1984},
      NOTE = {\href{https://doi.org/10.1007/978-3-662-02421-8}{DOI:10.1007/978-3-662-02421-8}},
     PAGES = {xi+470},
      ISBN = {3-540-12176-5},
   MRCLASS = {14C17 (14-02 14C40)},
  MRNUMBER = {732620},
MRREVIEWER = {Werner Kleinert},
       DOI = {10.1007/978-3-662-02421-8},
       URL = {https://doi.org/10.1007/978-3-662-02421-8},
}


@article{gle58,
    AUTHOR = {Gleason, A. M.},
     TITLE = {Projective topological spaces},
   JOURNAL = {Illinois J. Math.},
  FJOURNAL = {Illinois Journal of Mathematics},
    VOLUME = {2},
      YEAR = {1958},
     PAGES = {482--489},
      ISSN = {0019-2082},
   MRCLASS = {54.00},
  MRNUMBER = {0121775},
MRREVIEWER = {Dana Scott},
       URL = {http://projecteuclid.org/euclid.ijm/1255454110},
}

@book {gm03,
    AUTHOR = {Gelfand, S. I. and Manin, Y. I.},
     TITLE = {Methods of homological algebra},
    SERIES = {Springer Monographs in Mathematics},
   EDITION = {Second},
 PUBLISHER = {Springer-Verlag, Berlin},
      YEAR = {2003},
      NOTE = {\href{https://doi.org/10.1007/978-3-662-12492-5}{DOI:10.1007/978-3-662-12492-5}},
     PAGES = {xx+372},
      ISBN = {3-540-43583-2},
   MRCLASS = {18-02 (18Exx 18Gxx 55U35)},
  MRNUMBER = {1950475},
       DOI = {10.1007/978-3-662-12492-5},
       URL = {https://doi.org/10.1007/978-3-662-12492-5},
}

@article {egaI,
 shorthand = {EGA I},
    AUTHOR = {Grothendieck, A.},
     TITLE = {\'{E}l\'{e}ments de g\'{e}om\'{e}trie alg\'{e}brique. {I}. {L}e langage des
              sch\'{e}mas},
   JOURNAL = {Inst. Hautes \'{E}tudes Sci. Publ. Math.},
  FJOURNAL = {Institut des Hautes \'{E}tudes Scientifiques. Publications
              Math\'{e}matiques},
    NUMBER = {4},
      YEAR = {1960},
      NOTE = {\href{http://www.numdam.org/item/PMIHES_1960__4__5_0}{numdam.PMIHES\_1960\_\_4\_\_5\_0}},
     PAGES = {228},
      ISSN = {0073-8301},
   MRCLASS = {14.55},
  MRNUMBER = {217083},
       URL = {http://www.numdam.org/item/PMIHES_1960__4__5_0},
}

@article {egaII,
 shorthand = {EGA II},
    AUTHOR = {Grothendieck, A.},
     TITLE = {\'{E}l\'{e}ments de g\'{e}om\'{e}trie alg\'{e}brique. {II}. \'{E}tude globale
              \'{e}l\'{e}mentaire de quelques classes de morphismes},
   JOURNAL = {Inst. Hautes \'{E}tudes Sci. Publ. Math.},
  FJOURNAL = {Institut des Hautes \'{E}tudes Scientifiques. Publications
              Math\'{e}matiques},
    NUMBER = {8},
      YEAR = {1961},
      NOTE = {\href{http://www.numdam.org/item?id=PMIHES_1961__8__222_0}{numdam.PMIHES\_1961\_\_8\_\_222\_0}},
     PAGES = {222},
      ISSN = {0073-8301},
   MRCLASS = {14.55},
  MRNUMBER = {217084},
       URL = {http://www.numdam.org/item?id=PMIHES_1961__8__222_0},
}

@article {egaIII1,
 shorthand = {EGA III$_1$},
    AUTHOR = {Grothendieck, A.},
     TITLE = {\'{E}l\'{e}ments de g\'{e}om\'{e}trie alg\'{e}brique. {III}. \'{E}tude cohomologique
              des faisceaux coh\'{e}rents. {I}},
   JOURNAL = {Inst. Hautes \'{E}tudes Sci. Publ. Math.},
  FJOURNAL = {Institut des Hautes \'{E}tudes Scientifiques. Publications
              Math\'{e}matiques},
    NUMBER = {11},
      YEAR = {1961},
      NOTE = {\href{http://www.numdam.org/item?id=PMIHES_1961__11__167_0}{numdam.PMIHES\_1961\_\_11\_\_167\_0}},
     PAGES = {167},
      ISSN = {0073-8301},
   MRCLASS = {14.55},
  MRNUMBER = {217085},
       URL = {http://www.numdam.org/item?id=PMIHES_1961__11__167_0},
}

@article {egaIII2,
 shorthand = {EGA III$_2$},
    AUTHOR = {Grothendieck, A.},
     TITLE = {\'{E}l\'{e}ments de g\'{e}om\'{e}trie alg\'{e}brique. {III}. \'{E}tude cohomologique
              des faisceaux coh\'{e}rents. {II}},
   JOURNAL = {Inst. Hautes \'{E}tudes Sci. Publ. Math.},
  FJOURNAL = {Institut des Hautes \'{E}tudes Scientifiques. Publications
              Math\'{e}matiques},
    NUMBER = {17},
      YEAR = {1963},
      NOTE = {\href{http://www.numdam.org/item?id=PMIHES_1963__17__91_0}{numdam.PMIHES\_1963\_\_17\_\_91\_0}},
     PAGES = {91},
      ISSN = {0073-8301},
   MRCLASS = {14.05},
  MRNUMBER = {163911},
MRREVIEWER = {H. Hironaka},
       URL = {http://www.numdam.org/item?id=PMIHES_1963__17__91_0},
}

@article {egaIV1,
 shorthand = {EGA IV$_1$},
    AUTHOR = {Grothendieck, A.},
     TITLE = {\'{E}l\'{e}ments de g\'{e}om\'{e}trie alg\'{e}brique. {IV}. \'{E}tude locale des
              sch\'{e}mas et des morphismes de sch\'{e}mas. {I}},
   JOURNAL = {Inst. Hautes \'{E}tudes Sci. Publ. Math.},
  FJOURNAL = {Institut des Hautes \'{E}tudes Scientifiques. Publications
              Math\'{e}matiques},
    NUMBER = {20},
      YEAR = {1964},
      NOTE = {\href{http://www.numdam.org/item/PMIHES_1964__20__5_0}{numdam.PMIHES\_1964\_\_20\_\_5\_0}},
     PAGES = {259},
      ISSN = {0073-8301},
   MRCLASS = {14.05 (13.10)},
  MRNUMBER = {173675},
MRREVIEWER = {H. Hironaka},
       URL = {http://www.numdam.org/item/PMIHES_1964__20__5_0},
}

@article {egaIV2,
 shorthand = {EGA IV$_2$},
    AUTHOR = {Grothendieck, A.},
     TITLE = {\'{E}l\'{e}ments de g\'{e}om\'{e}trie alg\'{e}brique. {IV}. \'{E}tude locale des
              sch\'{e}mas et des morphismes de sch\'{e}mas. {II}},
   JOURNAL = {Inst. Hautes \'{E}tudes Sci. Publ. Math.},
  FJOURNAL = {Institut des Hautes \'{E}tudes Scientifiques. Publications
              Math\'{e}matiques},
    NUMBER = {24},
      YEAR = {1965},
      NOTE = {\href{http://www.numdam.org/item?id=PMIHES_1965__24__231_0}{numdam.PMIHES\_1965\_\_24\_\_231\_0}},
     PAGES = {231},
      ISSN = {0073-8301},
   MRCLASS = {14.00},
  MRNUMBER = {199181},
MRREVIEWER = {H. Hironaka},
       URL = {http://www.numdam.org/item?id=PMIHES_1965__24__231_0},
}

@article {egaIV3,
 shorthand = {EGA IV$_3$},
    AUTHOR = {Grothendieck, A.},
     TITLE = {\'{E}l\'{e}ments de g\'{e}om\'{e}trie alg\'{e}brique. {IV}. \'{E}tude locale des
              sch\'{e}mas et des morphismes de sch\'{e}mas. {III}},
   JOURNAL = {Inst. Hautes \'{E}tudes Sci. Publ. Math.},
  FJOURNAL = {Institut des Hautes \'{E}tudes Scientifiques. Publications
              Math\'{e}matiques},
    NUMBER = {28},
      YEAR = {1966},
      NOTE = {\href{http://www.numdam.org/item?id=PMIHES_1966__28__255_0}{numdam.PMIHES\_1966\_\_28\_\_255\_0}},
     PAGES = {255},
      ISSN = {0073-8301},
   MRCLASS = {14.55},
  MRNUMBER = {217086},
MRREVIEWER = {J. P. Murre},
       URL = {http://www.numdam.org/item?id=PMIHES_1966__28__255_0},
}

@article {egaIV4,
 shorthand = {EGA IV$_4$},
    AUTHOR = {Grothendieck, A.},
     TITLE = {\'{E}l\'{e}ments de g\'{e}om\'{e}trie alg\'{e}brique. {IV}. \'{E}tude locale des
              sch\'{e}mas et des morphismes de sch\'{e}mas {IV}},
   JOURNAL = {Inst. Hautes \'{E}tudes Sci. Publ. Math.},
  FJOURNAL = {Institut des Hautes \'{E}tudes Scientifiques. Publications
              Math\'{e}matiques},
    NUMBER = {32},
      YEAR = {1967},
      NOTE = {\href{http://www.numdam.org/item?id=PMIHES_1967__32__361_0}{numdam.PMIHES\_1967\_\_32\_\_361\_0}},
     PAGES = {361},
      ISSN = {0073-8301},
   MRCLASS = {14.55},
  MRNUMBER = {238860},
MRREVIEWER = {J. P. Murre},
       URL = {http://www.numdam.org/item?id=PMIHES_1967__32__361_0},
}

@book{gz67,
    AUTHOR = {Gabriel, P. and Zisman, M.},
     TITLE = {Calculus of fractions and homotopy theory},
    SERIES = {Ergebnisse der Mathematik und ihrer Grenzgebiete, Band 35},
 PUBLISHER = {Springer-Verlag New York, Inc., New York},
      YEAR = {1967},
     PAGES = {x+168},
   MRCLASS = {55.40 (18.00)},
  MRNUMBER = {0210125},
MRREVIEWER = {A. K. Bousfield},
}

@book{gh78,
    AUTHOR = {Griffiths, P. and Harris, J.},
     TITLE = {Principles of algebraic geometry},
    SERIES = {Wiley Classics Library},
      NOTE = {Reprint of the 1978 original},
 PUBLISHER = {John Wiley \& Sons, Inc., New York},
      YEAR = {1994},
      NOTE = {\href{https://doi.org/10.1002/9781118032527}{DOI:10.1002/9781118032527}},
     PAGES = {xiv+813},
      ISBN = {0-471-05059-8},
   MRCLASS = {14-01},
  MRNUMBER = {1288523},
       DOI = {10.1002/9781118032527},
       URL = {https://doi.org/10.1002/9781118032527},
}

@article {gro57,
    AUTHOR = {Grothendieck, A.},
     TITLE = {Sur quelques points d'alg\`ebre homologique},
   JOURNAL = {Tohoku Math. J. (2)},
  FJOURNAL = {The Tohoku Mathematical Journal. Second Series},
    VOLUME = {9},
      YEAR = {1957},
      NOTE = {\href{}{}},
     PAGES = {119--221},
      ISSN = {0040-8735},
   MRCLASS = {18.00},
  MRNUMBER = {102537},
MRREVIEWER = {D. Buchsbaum},
       DOI = {10.2748/tmj/1178244839},
       URL = {https://doi.org/10.2748/tmj/1178244839},
}

@book{har66,
    AUTHOR = {Hartshorne, R.},
     TITLE = {Residues and duality},
    SERIES = {Lecture notes of a seminar on the work of A. Grothendieck,
              given at Harvard 1963/64. With an appendix by P. Deligne.
              Lecture Notes in Mathematics, No. 20},
 PUBLISHER = {Springer-Verlag, Berlin-New York},
      YEAR = {1966},
     PAGES = {vii+423},
   MRCLASS = {14.55},
  MRNUMBER = {0222093},
MRREVIEWER = {R. L. Knighten},
}

@book{har77,
    AUTHOR = {Hartshorne, R.},
     TITLE = {Algebraic geometry},
      NOTE = {Graduate Texts in Mathematics, No. 52},
 PUBLISHER = {Springer-Verlag, New York-Heidelberg},
      YEAR = {1977},
     PAGES = {xvi+496},
      ISBN = {0-387-90244-9},
   MRCLASS = {14-01},
  MRNUMBER = {0463157},
MRREVIEWER = {Robert Speiser},
}

@book {hat02,
    AUTHOR = {Hatcher, A.},
     TITLE = {Algebraic topology},
 PUBLISHER = {Cambridge University Press, Cambridge},
      YEAR = {2002},
     PAGES = {xii+544},
      ISBN = {0-521-79160-X; 0-521-79540-0},
   MRCLASS = {55-01 (55-00)},
  MRNUMBER = {1867354},
MRREVIEWER = {Donald W. Kahn},
}

@book{huy06,
    AUTHOR = {Huybrechts, D.},
     TITLE = {Fourier-{M}ukai transforms in algebraic geometry},
    SERIES = {Oxford Mathematical Monographs},
 PUBLISHER = {The Clarendon Press, Oxford University Press, Oxford},
      YEAR = {2006},
      NOTE = {\href{https://doi.org/10.1093/acprof:oso/9780199296866.001.0001}{DOI:10.1093/acprof:oso/9780199296866.001.0001}},
     PAGES = {viii+307},
      ISBN = {978-0-19-929686-6; 0-19-929686-3},
   MRCLASS = {14F05 (14-02 18E30)},
  MRNUMBER = {2244106},
MRREVIEWER = {Bal\'{a}zs Szendr\H{o}i},
       DOI = {10.1093/acprof:oso/9780199296866.001.0001},
       URL = {https://doi.org/10.1093/acprof:oso/9780199296866.001.0001},
}

@book {iit82,
    AUTHOR = {Iitaka, S.},
     TITLE = {Algebraic geometry},
    SERIES = {Graduate Texts in Mathematics},
    VOLUME = {76},
      NOTE = {An introduction to birational geometry of algebraic varieties,
              North-Holland Mathematical Library, 24},
 PUBLISHER = {Springer-Verlag, New York-Berlin},
      YEAR = {1982},
     PAGES = {x+357},
      ISBN = {0-387-90546-4},
   MRCLASS = {14-01 (14-02 14E05)},
  MRNUMBER = {637060},
MRREVIEWER = {Werner Kleinert},
}

@incollection{ip99,
    AUTHOR = {Iskovskikh, V. A. and Prokhorov, Y. G.},
     TITLE = {Fano varieties},
 BOOKTITLE = {Algebraic geometry, {V}},
    SERIES = {Encyclopaedia Math. Sci.},
    VOLUME = {47},
     PAGES = {1--247},
 PUBLISHER = {Springer, Berlin},
      YEAR = {1999},
   MRCLASS = {14J45 (14E07 14F22 14K30)},
  MRNUMBER = {1668579},
MRREVIEWER = {Takao Fujita},
}

@incollection{isk80,
    AUTHOR = {Iskovskih, V. A.},
     TITLE = {Anticanonical models of three-dimensional algebraic varieties},
 BOOKTITLE = {Current problems in mathematics, {V}ol. 12 ({R}ussian)},
     PAGES = {59--157, 239 (loose errata)},
 PUBLISHER = {VINITI, Moscow},
      YEAR = {1979},
   MRCLASS = {14J30},
  MRNUMBER = {537685},
MRREVIEWER = {Miles Reid},
}

@article {kap83,
    AUTHOR = {Kapranov, M. M.},
     TITLE = {The derived category of coherent sheaves on {G}rassmann
              varieties},
   JOURNAL = {Funktsional. Anal. i Prilozhen.},
  FJOURNAL = {Akademiya Nauk SSSR. Funktsional\cprime ny\u{\i} Analiz i ego
              Prilozheniya},
    VOLUME = {17},
      YEAR = {1983},
    NUMBER = {2},
     PAGES = {78--79},
      ISSN = {0374-1990},
   MRCLASS = {14F05 (14M15 18F20)},
  MRNUMBER = {705052},
MRREVIEWER = {S. I. Gel\cprime fand},
}

@article {kap86,
    AUTHOR = {Kapranov, M. M.},
     TITLE = {Derived category of coherent bundles on a quadric},
   JOURNAL = {Funktsional. Anal. i Prilozhen.},
  FJOURNAL = {Akademiya Nauk SSSR. Funktsional\cprime ny\u{\i} Analiz i ego
              Prilozheniya},
    VOLUME = {20},
      YEAR = {1986},
    NUMBER = {2},
     PAGES = {67},
      ISSN = {0374-1990},
   MRCLASS = {14F05 (14F20 15A66 18F30 32L05)},
  MRNUMBER = {847146},
MRREVIEWER = {Daniel Hern\'{a}ndez Ruip\'{e}rez},
}

@book{km98,
    AUTHOR = {Koll\'{a}r, J. and Mori, S.},
     TITLE = {Birational geometry of algebraic varieties},
    SERIES = {Cambridge Tracts in Mathematics},
    VOLUME = {134},
      NOTE = {With the collaboration of C. H. Clemens and A. Corti,
              Translated from the 1998 Japanese original},
 PUBLISHER = {Cambridge University Press, Cambridge},
      YEAR = {1998},
      NOTE = {\href{https://doi.org/10.1017/CBO9780511662560}{DOI:10.1017/CBO9780511662560}},
     PAGES = {viii+254},
      ISBN = {0-521-63277-3},
   MRCLASS = {14E30},
  MRNUMBER = {1658959},
MRREVIEWER = {Mark Gross},
       DOI = {10.1017/CBO9780511662560},
       URL = {https://doi.org/10.1017/CBO9780511662560},
}

@incollection{kmm87,
    AUTHOR = {Kawamata, Y. and Matsuda, K. and Matsuki, K.},
     TITLE = {Introduction to the minimal model problem},
 BOOKTITLE = {Algebraic geometry, {S}endai, 1985},
    SERIES = {Adv. Stud. Pure Math.},
    VOLUME = {10},
     PAGES = {283--360},
 PUBLISHER = {North-Holland, Amsterdam},
      YEAR = {1987},
      NOTE = {\href{https://doi.org/10.2969/aspm/01010283}{DOI:10.2969/aspm/01010283}},
   MRCLASS = {14E30 (14E05 14J40)},
  MRNUMBER = {946243},
MRREVIEWER = {David R. Morrison},
       DOI = {10.2969/aspm/01010283},
       URL = {https://doi.org/10.2969/aspm/01010283},
}

@misc{ko15,
    title={Nonexistence of semiorthogonal decompositions and sections of the canonical bundle},
    author={Kawatani, K. and Okawa, S.},
    year={2015},
    eprint={1508.00682},
    archivePrefix={arXiv},
    primaryClass={math.AG}
}

@book {kol13,
    AUTHOR = {Koll\'{a}r, J.},
     TITLE = {Singularities of the minimal model program},
    SERIES = {Cambridge Tracts in Mathematics},
    VOLUME = {200},
      NOTE = {With a collaboration of S\'{a}ndor Kov\'{a}cs},
 PUBLISHER = {Cambridge University Press, Cambridge},
      YEAR = {2013},
      NOTE = {\href{https://doi.org/10.1017/CBO9781139547895}{DOI:10.1017/CBO9781139547895}},
     PAGES = {x+370},
      ISBN = {978-1-107-03534-8},
   MRCLASS = {14E30 (14B05)},
  MRNUMBER = {3057950},
MRREVIEWER = {Tommaso De Fernex},
       DOI = {10.1017/CBO9781139547895},
       URL = {https://doi.org/10.1017/CBO9781139547895},
}

@article{kol86,
    AUTHOR = {Koll\'{a}r, J.},
     TITLE = {Higher direct images of dualizing sheaves. {I}},
   JOURNAL = {Ann. of Math. (2)},
  FJOURNAL = {Annals of Mathematics. Second Series},
    VOLUME = {123},
      YEAR = {1986},
    NUMBER = {1},
      NOTE = {\href{https://doi.org/10.2307/1971351}{DOI:10.2307/1971351}},
     PAGES = {11--42},
      ISSN = {0003-486X},
   MRCLASS = {14J10 (14F10 14J30 14J40)},
  MRNUMBER = {825838},
MRREVIEWER = {Takao Fujita},
       DOI = {10.2307/1971351},
       URL = {https://doi.org/10.2307/1971351},
}

@incollection {kol97,
    AUTHOR = {Koll\'{a}r, J.},
     TITLE = {Singularities of pairs},
 BOOKTITLE = {Algebraic geometry---{S}anta {C}ruz 1995},
    SERIES = {Proc. Sympos. Pure Math.},
    VOLUME = {62},
     PAGES = {221--287},
 PUBLISHER = {Amer. Math. Soc., Providence, RI},
      YEAR = {1997},
      NOTE = {Preprint \href{https://arxiv.org/abs/alg-geom/9601026}{arXiv:alg-geom/9601026}},
   MRCLASS = {14E30 (14E15 32S40)},
  MRNUMBER = {1492525},
MRREVIEWER = {Alessio Corti},
}

@book{ks90,
    AUTHOR = {Kashiwara, M. and Schapira, P.},
     TITLE = {Sheaves on manifolds},
    SERIES = {Grundlehren der Mathematischen Wissenschaften [Fundamental
              Principles of Mathematical Sciences]},
    VOLUME = {292},
      NOTE = {With a chapter in French by Christian Houzel},
 PUBLISHER = {Springer-Verlag, Berlin},
      YEAR = {1990},
      NOTE = {\href{https://doi.org/10.1007/978-3-662-02661-8}{DOI:10.1007/978-3-662-02661-8}},
     PAGES = {x+512},
      ISBN = {3-540-51861-4},
   MRCLASS = {58G07 (18F20 32C38 35A27)},
  MRNUMBER = {1074006},
MRREVIEWER = {Michael M. Kapranov},
       DOI = {10.1007/978-3-662-02661-8},
       URL = {https://doi.org/10.1007/978-3-662-02661-8},
}

@book {ks06,
    AUTHOR = {Kashiwara, M. and Schapira, P.},
     TITLE = {Categories and sheaves},
    SERIES = {Grundlehren der Mathematischen Wissenschaften [Fundamental
              Principles of Mathematical Sciences]},
    VOLUME = {332},
 PUBLISHER = {Springer-Verlag, Berlin},
      YEAR = {2006},
      NOTE = {\href{https://doi.org/10.1007/3-540-27950-4}{DOI:10.1007/3-540-27950-4}},
     PAGES = {x+497},
      ISBN = {978-3-540-27949-5; 3-540-27949-0},
   MRCLASS = {18-02 (14F05 18F20)},
  MRNUMBER = {2182076},
MRREVIEWER = {Corrado Marastoni},
       DOI = {10.1007/3-540-27950-4},
       URL = {https://doi.org/10.1007/3-540-27950-4},
}

@incollection{kra07,
    AUTHOR = {Krause, H.},
     TITLE = {Derived categories, resolutions, and {B}rown representability},
 BOOKTITLE = {Interactions between homotopy theory and algebra},
    SERIES = {Contemp. Math.},
    VOLUME = {436},
     PAGES = {101--139},
 PUBLISHER = {Amer. Math. Soc., Providence, RI},
      YEAR = {2007},
      NOTE = {\href{https://doi.org/10.1090/conm/436/08405}{DOI:10.1090/conm/436/08405}},
   MRCLASS = {18E30 (18G10)},
  MRNUMBER = {2355771},
       DOI = {10.1090/conm/436/08405},
       URL = {https://doi.org/10.1090/conm/436/08405},
}

@article {kuz08,
    AUTHOR = {Kuznetsov, A.},
     TITLE = {Derived categories of quadric fibrations and intersections of
              quadrics},
   JOURNAL = {Adv. Math.},
  FJOURNAL = {Advances in Mathematics},
    VOLUME = {218},
      YEAR = {2008},
    NUMBER = {5},
      NOTE = {\href{https://doi.org/10.1016/j.aim.2008.03.007}{DOI:10.1016/j.aim.2008.03.007}},
     PAGES = {1340--1369},
      ISSN = {0001-8708},
   MRCLASS = {14F05},
  MRNUMBER = {2419925},
MRREVIEWER = {Adrian Langer},
       DOI = {10.1016/j.aim.2008.03.007},
       URL = {https://doi.org/10.1016/j.aim.2008.03.007},
}

@article{kuz09,
    AUTHOR = {Kuznetsov, A.},
     TITLE = {Derived categories of {F}ano threefolds},
   JOURNAL = {Tr. Mat. Inst. Steklova},
  FJOURNAL = {Trudy Matematicheskogo Instituta Imeni V. A. Steklova.
              Rossi\u{\i}skaya Akademiya Nauk},
    VOLUME = {264},
      YEAR = {2009},
    NUMBER = {Mnogomernaya Algebraicheskaya Geometriya},
      NOTE = {\href{https://doi.org/10.1134/S0081543809010143}{DOI:10.1134/S0081543809010143}. Preprint \href{https://arxiv.org/abs/0809.0225}{arXiv:0809.0225}},
     PAGES = {116--128},
      ISSN = {0371-9685},
   MRCLASS = {14F05 (14J10 14J45)},
  MRNUMBER = {2590842},
MRREVIEWER = {Alexandr V. Pukhlikov},
       DOI = {10.1134/S0081543809010143},
       URL = {https://doi.org/10.1134/S0081543809010143},
}

@misc{kuz09b,
    title={Hochschild homology and semiorthogonal decompositions},
    author={Alexander K.},
    year={2009},
    eprint={0904.4330},
    archivePrefix={arXiv},
    primaryClass={math.AG}
}

@incollection {kuz10,
    AUTHOR = {Kuznetsov, A.},
     TITLE = {Derived categories of cubic fourfolds},
 BOOKTITLE = {Cohomological and geometric approaches to rationality
              problems},
    SERIES = {Progr. Math.},
    VOLUME = {282},
     PAGES = {219--243},
 PUBLISHER = {Birkh\"{a}user Boston, Inc., Boston, MA},
      YEAR = {2010},
      NOTE = {\href{https://doi.org/10.1007/978-0-8176-4934-0_9}{DOI:10.1007/978-0-8176-4934-0_9}},
   MRCLASS = {14F05 (14E05)},
  MRNUMBER = {2605171},
MRREVIEWER = {Paolo Stellari},
       DOI = {10.1007/978-0-8176-4934-0_9},
       URL = {https://doi.org/10.1007/978-0-8176-4934-0_9},
}

@article{kuz11,
    AUTHOR = {Kuznetsov, A.},
     TITLE = {Base change for semiorthogonal decompositions},
   JOURNAL = {Compos. Math.},
  FJOURNAL = {Compositio Mathematica},
    VOLUME = {147},
      YEAR = {2011},
    NUMBER = {3},
      NOTE = {\href{https://doi.org/10.1112/S0010437X10005166}{DOI:10.1112/S0010437X10005166}},
     PAGES = {852--876},
      ISSN = {0010-437X},
   MRCLASS = {14F05 (14A22 18E30)},
  MRNUMBER = {2801403},
MRREVIEWER = {Daniele Faenzi},
       DOI = {10.1112/S0010437X10005166},
       URL = {https://doi.org/10.1112/S0010437X10005166},
}

@inproceedings{kuz14,
    AUTHOR = {Kuznetsov, A.},
     TITLE = {Semiorthogonal decompositions in algebraic geometry},
 BOOKTITLE = {Proceedings of the {I}nternational {C}ongress of
              {M}athematicians---{S}eoul 2014. {V}ol. {II}},
     PAGES = {635--660},
 PUBLISHER = {Kyung Moon Sa, Seoul},
      YEAR = {2014},
   MRCLASS = {18E30 (14F05)},
  MRNUMBER = {3728631},
MRREVIEWER = {Beren Sanders},
}

@incollection{kuz16,
    AUTHOR = {Kuznetsov, A.},
     TITLE = {Derived categories view on rationality problems},
 BOOKTITLE = {Rationality problems in algebraic geometry},
    SERIES = {Lecture Notes in Math.},
    VOLUME = {2172},
     PAGES = {67--104},
 PUBLISHER = {Springer, Cham},
      YEAR = {2016},
      NOTE = {\href{https://doi.org/10.1007/978-3-319-46209-7_3}{DOI:10.1007/978-3-319-46209-7\_3}. Preprint \href{https://arxiv.org/abs/1509.09115}{arXiv:1509.09115}},
   MRCLASS = {14F05 (14E07 14E08 14J45)},
  MRNUMBER = {3618666},
MRREVIEWER = {Sofia Tirabassi},
}

@book {laz04a,
    AUTHOR = {Lazarsfeld, R.},
     TITLE = {Positivity in algebraic geometry. {I}},
    SERIES = {Ergebnisse der Mathematik und ihrer Grenzgebiete. 3. Folge. A
              Series of Modern Surveys in Mathematics [Results in
              Mathematics and Related Areas. 3rd Series. A Series of Modern
              Surveys in Mathematics]},
    VOLUME = {48},
      NOTE = {Classical setting: line bundles and linear series},
 PUBLISHER = {Springer-Verlag, Berlin},
      YEAR = {2004},
      NOTE = {\href{https://doi.org/10.1007/978-3-642-18808-4}{DOI:10.1007/978-3-642-18808-4}},
     PAGES = {xviii+387},
      ISBN = {3-540-22533-1},
   MRCLASS = {14-02 (14C20)},
  MRNUMBER = {2095471},
MRREVIEWER = {Mihnea Popa},
       DOI = {10.1007/978-3-642-18808-4},
       URL = {https://doi.org/10.1007/978-3-642-18808-4},
}
	
@book {laz04b,
    AUTHOR = {Lazarsfeld, R.},
     TITLE = {Positivity in algebraic geometry. {II}},
    SERIES = {Ergebnisse der Mathematik und ihrer Grenzgebiete. 3. Folge. A
              Series of Modern Surveys in Mathematics [Results in
              Mathematics and Related Areas. 3rd Series. A Series of Modern
              Surveys in Mathematics]},
    VOLUME = {49},
      NOTE = {Positivity for vector bundles, and multiplier ideals},
 PUBLISHER = {Springer-Verlag, Berlin},
      YEAR = {2004},
      NOTE = {\href{https://doi.org/10.1007/978-3-642-18808-4}{DOI:10.1007/978-3-642-18808-4}},
     PAGES = {xviii+385},
      ISBN = {3-540-22534-X},
   MRCLASS = {14-02 (14C20 14F05 14F17)},
  MRNUMBER = {2095472},
MRREVIEWER = {Mihnea Popa},
       DOI = {10.1007/978-3-642-18808-4},
       URL = {https://doi.org/10.1007/978-3-642-18808-4},
}

@incollection {lip09,
    AUTHOR = {Lipman, J.},
     TITLE = {Notes on derived functors and {G}rothendieck duality},
 BOOKTITLE = {Foundations of {G}rothendieck duality for diagrams of schemes},
    SERIES = {Lecture Notes in Math.},
    VOLUME = {1960},
     PAGES = {1--259},
 PUBLISHER = {Springer, Berlin},
      YEAR = {2009},
      NOTE = {\href{https://doi.org/10.1007/978-3-540-85420-3}{DOI:10.1007/978-3-540-85420-3}},
   MRCLASS = {14F05 (18E30)},
  MRNUMBER = {2490557},
MRREVIEWER = {J\"{o}rg Jahnel},
       DOI = {10.1007/978-3-540-85420-3},
       URL = {https://doi.org/10.1007/978-3-540-85420-3},
}

@book{mac71,
    AUTHOR = {MacLane, S.},
     TITLE = {Categories for the working mathematician},
      NOTE = {Graduate Texts in Mathematics, Vol. 5},
 PUBLISHER = {Springer-Verlag, New York-Berlin},
      YEAR = {1971},
     PAGES = {ix+262},
   MRCLASS = {18-02},
  MRNUMBER = {0354798},
MRREVIEWER = {H.-B. Brinkmann},
}

@book{mat80,
    AUTHOR = {Matsumura, H.},
     TITLE = {Commutative algebra},
    SERIES = {Mathematics Lecture Note Series},
    VOLUME = {56},
   EDITION = {Second},
 PUBLISHER = {Benjamin/Cummings Publishing Co., Inc., Reading, Mass.},
      YEAR = {1980},
     PAGES = {xv+313},
      ISBN = {0-8053-7026-9},
   MRCLASS = {13-02},
  MRNUMBER = {575344},
MRREVIEWER = {R. M. Fossum},
}

@book{mat02,
    AUTHOR = {Matsuki, K.},
     TITLE = {Introduction to the {M}ori program},
    SERIES = {Universitext},
 PUBLISHER = {Springer-Verlag, New York},
      YEAR = {2002},
      NOTE = {\href{https://doi.org/10.1007/978-1-4757-5602-9}{DOI:10.1007/978-1-4757-5602-9}},
     PAGES = {xxiv+478},
      ISBN = {0-387-98465-8},
   MRCLASS = {14E30 (14-02 14E05 14J17 14J30)},
  MRNUMBER = {1875410},
MRREVIEWER = {Massimiliano Mella},
       DOI = {10.1007/978-1-4757-5602-9},
       URL = {https://doi.org/10.1007/978-1-4757-5602-9},
}

@article{may01,
    AUTHOR = {May, J. P.},
     TITLE = {The additivity of traces in triangulated categories},
   JOURNAL = {Adv. Math.},
  FJOURNAL = {Advances in Mathematics},
    VOLUME = {163},
      YEAR = {2001},
    NUMBER = {1},
      NOTE = {\href{https://doi.org/10.1006/aima.2001.1995}{DOI:10.1006/aima.2001.1995}},
     PAGES = {34--73},
      ISSN = {0001-8708},
   MRCLASS = {18E30 (18D10)},
  MRNUMBER = {1867203},
MRREVIEWER = {Paul Balmer},
       DOI = {10.1006/aima.2001.1995},
       URL = {https://doi.org/10.1006/aima.2001.1995},
}

@misc{mau18,
    title={The dual complex of log Calabi-Yau pairs on Mori fibre spaces},
    author={Mirko Mauri},
    year={2018},
    eprint={1808.03706},
    archivePrefix={arXiv},
    primaryClass={math.AG}
}

@book{nee01,
    AUTHOR = {Neeman, A.},
     TITLE = {Triangulated categories},
    SERIES = {Annals of Mathematics Studies},
    VOLUME = {148},
 PUBLISHER = {Princeton University Press, Princeton, NJ},
      YEAR = {2001},
      NOTE = {\href{https://doi.org/10.1515/9781400837212}{DOI:10.1515/9781400837212}},
     PAGES = {viii+449},
      ISBN = {0-691-08685-0; 0-691-08686-9},
   MRCLASS = {18E30 (55-02 55N20 55U35)},
  MRNUMBER = {1812507},
MRREVIEWER = {Stanis\l aw Betley},
       DOI = {10.1515/9781400837212},
       URL = {https://doi.org/10.1515/9781400837212},
}

@article {nee96,
    AUTHOR = {Neeman, A.},
     TITLE = {The {G}rothendieck duality theorem via {B}ousfield's
              techniques and {B}rown representability},
   JOURNAL = {J. Amer. Math. Soc.},
  FJOURNAL = {Journal of the American Mathematical Society},
    VOLUME = {9},
      YEAR = {1996},
    NUMBER = {1},
      NOTE = {\href{https://doi.org/10.1090/S0894-0347-96-00174-9}{DOI:10.1090/S0894-0347-96-00174-9}},
     PAGES = {205--236},
      ISSN = {0894-0347},
   MRCLASS = {18E30 (14F05)},
  MRNUMBER = {1308405},
MRREVIEWER = {Luca Barbieri Viale},
       DOI = {10.1090/S0894-0347-96-00174-9},
       URL = {https://doi.org/10.1090/S0894-0347-96-00174-9},
}

@misc{nlab:monoidal_category,
  author = {{nLab authors}},
  title = {monoidal category},
  howpublished = {\url{http://ncatlab.org/nlab/show/monoidal%20category}},
  note = {\href{http://ncatlab.org/nlab/revision/monoidal%20category/116}{Revision 116}},
  month = oct,
  year = 2019
}

@misc{oka11,
    title={Semi-orthogonal decomposability of the derived category of a curve},
    author={Okawa, S.},
    year={2011},
    eprint={1104.4902},
    archivePrefix={arXiv},
    primaryClass={math.AG}
}

@article{orl92,
    AUTHOR = {Orlov, D.},
     TITLE = {Projective bundles, monoidal transformations, and derived
              categories of coherent sheaves},
   JOURNAL = {Izv. Ross. Akad. Nauk Ser. Mat.},
  FJOURNAL = {Rossi\u{\i}skaya Akademiya Nauk. Izvestiya. Seriya
              Matematicheskaya},
    VOLUME = {56},
      YEAR = {1992},
    NUMBER = {4},
      NOTE = {\href{https://doi.org/10.1070/IM1993v041n01ABEH002182}{DOI:10.1070/IM1993v041n01ABEH002182}},
     PAGES = {852--862},
      ISSN = {1607-0046},
   MRCLASS = {14F05 (18E30 18F20)},
  MRNUMBER = {1208153},
MRREVIEWER = {Krzysztof Jaczewski},
       DOI = {10.1070/IM1993v041n01ABEH002182},
       URL = {https://doi.org/10.1070/IM1993v041n01ABEH002182},
}

@article{orl97,
    AUTHOR = {Orlov, D.},
     TITLE = {Equivalences of derived categories and {$K3$} surfaces},
      NOTE = {Algebraic geometry, 7},
   JOURNAL = {J. Math. Sci. (New York)},
  FJOURNAL = {Journal of Mathematical Sciences (New York)},
    VOLUME = {84},
      YEAR = {1997},
    NUMBER = {5},
      NOTE = {\href{https://doi.org/10.1007/BF02399195}{DOI:10.1007/BF02399195}},
     PAGES = {1361--1381},
      ISSN = {1072-3374},
   MRCLASS = {14J28 (14F05 18E30)},
  MRNUMBER = {1465519},
MRREVIEWER = {Jong Hae Keum},
       DOI = {10.1007/BF02399195},
       URL = {https://doi.org/10.1007/BF02399195},
}

@article{orl09,
    AUTHOR = {Orlov, D.},
     TITLE = {Remarks on generators and dimensions of triangulated
              categories},
   JOURNAL = {Mosc. Math. J.},
  FJOURNAL = {Moscow Mathematical Journal},
    VOLUME = {9},
      YEAR = {2009},
    NUMBER = {1},
      NOTE = {\href{https://doi.org/10.17323/1609-4514-2009-9-1-143-149}{DOI:10.17323/1609-4514-2009-9-1-143-149}},
     PAGES = {153--159, back matter},
      ISSN = {1609-3321},
   MRCLASS = {14F05 (18E30)},
  MRNUMBER = {2567400},
MRREVIEWER = {Ana Cristina L\'{o}pez-Mart\'{\i}n},
       DOI = {10.17323/1609-4514-2009-9-1-143-149},
       URL = {https://doi.org/10.17323/1609-4514-2009-9-1-143-149},
}

@article{orl16,
    AUTHOR = {Orlov, D.},
     TITLE = {Smooth and proper noncommutative schemes and gluing of {DG}
              categories},
   JOURNAL = {Adv. Math.},
  FJOURNAL = {Advances in Mathematics},
    VOLUME = {302},
      YEAR = {2016},
      NOTE = {\href{https://doi.org/10.1016/j.aim.2016.07.014}{DOI:10.1016/j.aim.2016.07.014}},
     PAGES = {59--105},
      ISSN = {0001-8708},
   MRCLASS = {14F05 (16E45 18E30)},
  MRNUMBER = {3545926},
MRREVIEWER = {Shintarou Yanagida},
       DOI = {10.1016/j.aim.2016.07.014},
       URL = {https://doi.org/10.1016/j.aim.2016.07.014},
}

@article{ric89,
    AUTHOR = {Rickard, J.},
     TITLE = {Derived categories and stable equivalence},
   JOURNAL = {J. Pure Appl. Algebra},
  FJOURNAL = {Journal of Pure and Applied Algebra},
    VOLUME = {61},
      YEAR = {1989},
    NUMBER = {3},
      NOTE = {\href{https://doi.org/10.1016/0022-4049(89)90081-9}{DOI:10.1016/0022-4049(89)90081-9}},
     PAGES = {303--317},
      ISSN = {0022-4049},
   MRCLASS = {16D90 (16G30 16S90 18E30 20C05)},
  MRNUMBER = {1027750},
MRREVIEWER = {Dieter Happel},
       DOI = {10.1016/0022-4049(89)90081-9},
       URL = {https://doi.org/10.1016/0022-4049(89)90081-9},
}

@article{rbn19,
    AUTHOR = {Rizzardo, A. and Van den Bergh, M. and Neeman, A.},
     TITLE = {An example of a non-{F}ourier-{M}ukai functor between derived
              categories of coherent sheaves},
   JOURNAL = {Invent. Math.},
  FJOURNAL = {Inventiones Mathematicae},
    VOLUME = {216},
      YEAR = {2019},
    NUMBER = {3},
      NOTE = {\href{https://doi.org/10.1007/s00222-019-00862-9}{DOI:10.1007/s00222-019-00862-9}},
     PAGES = {927--1004},
      ISSN = {0020-9910},
   MRCLASS = {14F05 (13D09 14A22 18E30)},
  MRNUMBER = {3955712},
       DOI = {10.1007/s00222-019-00862-9},
       URL = {https://doi.org/10.1007/s00222-019-00862-9},
}

@article{rou08,
    AUTHOR = {Rouquier, R.},
     TITLE = {Dimensions of triangulated categories},
   JOURNAL = {J. K-Theory},
  FJOURNAL = {Journal of K-Theory. K-Theory and its Applications in Algebra,
              Geometry, Analysis \& Topology},
    VOLUME = {1},
      YEAR = {2008},
    NUMBER = {2},
      NOTE = {\href{https://doi.org/10.1017/is007011012jkt010}{DOI:10.1017/is007011012jkt010}},
     PAGES = {193--256},
      ISSN = {1865-2433},
   MRCLASS = {18E30 (14F05)},
  MRNUMBER = {2434186},
MRREVIEWER = {Ioannis Emmanouil},
       DOI = {10.1017/is007011012jkt010},
       URL = {https://doi.org/10.1017/is007011012jkt010},
}

@inproceedings {ser56,
    AUTHOR = {Serre, J.-P.},
     TITLE = {Cohomologie et g\'{e}om\'{e}trie alg\'{e}brique},
 BOOKTITLE = {Proceedings of the {I}nternational {C}ongress of
              {M}athematicians, 1954, {A}msterdam, vol. {III}},
     PAGES = {515--520},
 PUBLISHER = {Erven P. Noordhoff N.V., Groningen; North-Holland Publishing
              Co., Amsterdam},
      YEAR = {1956},
   MRCLASS = {14.0X},
  MRNUMBER = {0087208},
MRREVIEWER = {F. Hirzebruch},
}

@article {ser55a,
    AUTHOR = {Serre, J.-P.},
     TITLE = {G\'{e}om\'{e}trie alg\'{e}brique et g\'{e}om\'{e}trie analytique},
   JOURNAL = {Ann. Inst. Fourier, Grenoble},
  FJOURNAL = {Universit\'{e} de Grenoble. Annales de l'Institut Fourier},
    VOLUME = {6},
      YEAR = {1955--1956},
      NOTE = {URL \url{http://aif.cedram.org/item?id=AIF_1955__6__1_0}},
     PAGES = {1--42},
      ISSN = {0373-0956},
   MRCLASS = {53.3X},
  MRNUMBER = {0082175},
MRREVIEWER = {H. Cartan},
       URL = {http://aif.cedram.org/item?id=AIF_1955__6__1_0},
}
		
@article {ser55b,
    AUTHOR = {Serre, J.-P.},
     TITLE = {Faisceaux alg\'{e}briques coh\'{e}rents},
   JOURNAL = {Ann. of Math. (2)},
  FJOURNAL = {Annals of Mathematics. Second Series},
    VOLUME = {61},
      YEAR = {1955},
      NOTE = {\href{https://doi.org/10.2307/1969915}{DOI:10.2307/1969915}},
     PAGES = {197--278},
      ISSN = {0003-486X},
   MRCLASS = {14.0X},
  MRNUMBER = {68874},
MRREVIEWER = {C. Chevalley},
       DOI = {10.2307/1969915},
       URL = {https://doi.org/10.2307/1969915},
}

@book {ser88,
    AUTHOR = {Serre, J.-P.},
     TITLE = {Algebraic groups and class fields},
    SERIES = {Graduate Texts in Mathematics},
    VOLUME = {117},
      NOTE = {Translated from the French},
 PUBLISHER = {Springer-Verlag, New York},
      YEAR = {1988},
      NOTE = {\href{https://doi.org/10.1007/978-1-4612-1035-1}{DOI:10.1007/978-1-4612-1035-1}},
     PAGES = {x+207},
      ISBN = {0-387-96648-X},
   MRCLASS = {14K30 (11G45 11S31 14L40)},
  MRNUMBER = {918564},
       DOI = {10.1007/978-1-4612-1035-1},
       URL = {https://doi.org/10.1007/978-1-4612-1035-1},
}

@book {sha94a,
    AUTHOR = {Shafarevich, I. R.},
     TITLE = {Basic algebraic geometry. 1},
   EDITION = {Second},
      NOTE = {Varieties in projective space,
              Translated from the 1988 Russian edition and with notes by
              Miles Reid},
 PUBLISHER = {Springer-Verlag, Berlin},
      YEAR = {1994},
     PAGES = {xx+303},
      ISBN = {3-540-54812-2},
   MRCLASS = {14-01},
  MRNUMBER = {1328833},
}

@book {sha94b,
    AUTHOR = {Shafarevich, I. R.},
     TITLE = {Basic algebraic geometry. 2},
   EDITION = {Second},
      NOTE = {Schemes and complex manifolds,
              Translated from the 1988 Russian edition by Miles Reid},
 PUBLISHER = {Springer-Verlag, Berlin},
      YEAR = {1994},
     PAGES = {xiv+269},
      ISBN = {3-540-57554-5},
   MRCLASS = {14-01},
  MRNUMBER = {1328834},
}

@article {spa88,
    AUTHOR = {Spaltenstein, N.},
     TITLE = {Resolutions of unbounded complexes},
   JOURNAL = {Compositio Math.},
  FJOURNAL = {Compositio Mathematica},
    VOLUME = {65},
      YEAR = {1988},
    NUMBER = {2},
      NOTE = {\href{http://www.numdam.org/item?id=CM_1988__65_2_121_0}{numdam.CM\_1988\_\_65\_2\_121\_0}},
     PAGES = {121--154},
      ISSN = {0010-437X},
   MRCLASS = {18E25 (32C35)},
  MRNUMBER = {932640},
MRREVIEWER = {Michael M. Kapranov},
       URL = {http://www.numdam.org/item?id=CM_1988__65_2_121_0},
}
		

@misc{sta19,
    shorthand = {Stacks},
    author = {The {Stacks project authors}},
    title = {The Stacks project},
    howpublished = {\url{https://stacks.math.columbia.edu}},
    year = {2019}
}

@misc{tho00,
    title={Derived categories for the working mathematician},
    author={Thomas, R. P.},
    year={2000},
    eprint={math/0001045},
    archivePrefix={arXiv},
    primaryClass={math.AG}
}

@incollection {tt90,
    AUTHOR = {Thomason, R. W. and Trobaugh, T.},
     TITLE = {Higher algebraic {$K$}-theory of schemes and of derived
              categories},
 BOOKTITLE = {The {G}rothendieck {F}estschrift, {V}ol. {III}},
    SERIES = {Progr. Math.},
    VOLUME = {88},
     PAGES = {247--435},
 PUBLISHER = {Birkh\"{a}user Boston, Boston, MA},
      YEAR = {1990},
      NOTE = {\href{https://doi.org/10.1007/978-0-8176-4576-2_10}{DOI:10.1007/978-0-8176-4576-2_10}},
   MRCLASS = {19E08 (14C35 19D10)},
  MRNUMBER = {1106918},
MRREVIEWER = {Charles Weibel},
       DOI = {10.1007/978-0-8176-4576-2_10},
       URL = {https://doi.org/10.1007/978-0-8176-4576-2_10},
}

@misc{vak17,
  author        = {Vakil, R.},
  title         = {Foundations of Algebraic Geometry (draft)},
  month         = {November},
  year          = {2017},
  publisher={Lecture notes (draft)}
}

@article{ver96,
    AUTHOR = {Verdier, J.-L.},
     TITLE = {Des cat\'{e}gories d\'{e}riv\'{e}es des cat\'{e}gories ab\'{e}liennes},
      NOTE = {With a preface by Luc Illusie,
              Edited and with a note by Georges Maltsiniotis},
   JOURNAL = {Ast\'{e}risque},
  FJOURNAL = {Ast\'{e}risque},
    NUMBER = {239},
      YEAR = {1996},
     PAGES = {xii+253 pp. (1997)},
      ISSN = {0303-1179},
   MRCLASS = {18E30 (18-03 18E35)},
  MRNUMBER = {1453167},
MRREVIEWER = {Amnon Neeman}
}

@book {voi07a,
    AUTHOR = {Voisin, C.},
     TITLE = {Hodge theory and complex algebraic geometry. {I}},
    SERIES = {Cambridge Studies in Advanced Mathematics},
    VOLUME = {76},
   EDITION = {English},
      NOTE = {Translated from the French by Leila Schneps},
 PUBLISHER = {Cambridge University Press, Cambridge},
      YEAR = {2007},
     PAGES = {x+322},
      ISBN = {978-0-521-71801-1},
   MRCLASS = {32J25 (14C30 14D07 32G20)},
  MRNUMBER = {2451566},
}

@book {voi07b,
    AUTHOR = {Voisin, C.},
     TITLE = {Hodge theory and complex algebraic geometry. {II}},
    SERIES = {Cambridge Studies in Advanced Mathematics},
    VOLUME = {77},
   EDITION = {English},
      NOTE = {Translated from the French by Leila Schneps},
 PUBLISHER = {Cambridge University Press, Cambridge},
      YEAR = {2007},
     PAGES = {x+351},
      ISBN = {978-0-521-71802-8},
   MRCLASS = {32J25 (14C30 14D07 32G20)},
  MRNUMBER = {2449178},
}

@book{wei94,
    AUTHOR = {Weibel, C. A.},
     TITLE = {An introduction to homological algebra},
    SERIES = {Cambridge Studies in Advanced Mathematics},
    VOLUME = {38},
 PUBLISHER = {Cambridge University Press, Cambridge},
      YEAR = {1994},
      NOTE = {\href{https://doi.org/10.1017/CBO9781139644136}{DOI:10.1017/CBO9781139644136}},
     PAGES = {xiv+450},
      ISBN = {0-521-43500-5; 0-521-55987-1},
   MRCLASS = {18-01 (16-01 17-01 20-01 55Uxx)},
  MRNUMBER = {1269324},
MRREVIEWER = {Kenneth A. Brown},
       DOI = {10.1017/CBO9781139644136},
       URL = {https://doi.org/10.1017/CBO9781139644136},
}
